<collection xmlns="http://www.loc.gov/MARC21/slim">
<record>
  <leader>01076nam0a22002411i 450 </leader>
  <controlfield tag="001">IT\ICCU\CNCE\074236</controlfield>
  <controlfield tag="005">20090617000000.0</controlfield>
  <datafield tag="012" ind1=" " ind2=" ">
    <subfield code="a">i.bi inle aaua diu- (C) 1574 (A)</subfield>
    <subfield code="2">fei</subfield>
  </datafield>
  <datafield tag="100" ind1=" " ind2=" ">
    <subfield code="a">20090616d1574        0itac0103    ba</subfield>
  </datafield>
  <datafield tag="101" ind1=" " ind2=" ">
    <subfield code="a">ITA</subfield>
  </datafield>
  <datafield tag="102" ind1=" " ind2=" ">
    <subfield code="a">IT</subfield>
  </datafield>
  <datafield tag="200" ind1="1" ind2=" ">
    <subfield code="a">℗Le ℗feste et trionfi fatti nella nobilissima citt ̉di Padoa nella feliciss. venuta, et passaggio di Henrico 3. christianissimo re di Francia, &amp; Pollonia / \Valerio Donaio!</subfield>
  </datafield>
  <datafield tag="210" ind1=" " ind2=" ">
    <subfield code="a">Stampato in Padoa</subfield>
    <subfield code="d">&amp; ristampato in Venetia</subfield>
    <subfield code="c">\Vincenzo Viani!</subfield>
    <subfield code="d">1574</subfield>
  </datafield>
  <datafield tag="215" ind1=" " ind2=" ">
    <subfield code="a">\4! c.</subfield>
    <subfield code="d">4o</subfield>
  </datafield>
  <datafield tag="300" ind1=" " ind2=" ">
    <subfield code="a">ANNULLATA !!!!  vedi 38977Nome dell&apos;A. dall&apos;explicit. -  Marca V 505 sul front</subfield>
  </datafield>
  <datafield tag="620" ind1=" " ind2=" ">
    <subfield code="a">IT</subfield>
    <subfield code="d">Venezia</subfield>
  </datafield>
  <datafield tag="700" ind1=" " ind2="1">
    <subfield code="a">Donaio,</subfield>
    <subfield code="b">Valerio</subfield>
    <subfield code="3">IT\ICCU\CNCA\010784</subfield>
  </datafield>
  <datafield tag="712" ind1="0" ind2="0">
    <subfield code="a">Viani, Vincenzo</subfield>
    <subfield code="3">IT\ICCU\CNCT\001109</subfield>
    <subfield code="4">650</subfield>
  </datafield>
  <datafield tag="791" ind1="0" ind2="0">
    <subfield code="a">Vianni, Vincenzo</subfield>
    <subfield code="3">IT\ICCU\CNCT\004161</subfield>
    <subfield code="z">Viani, Vincenzo</subfield>
  </datafield>
  <datafield tag="791" ind1="0" ind2="0">
    <subfield code="a">Viano, Vincenzo</subfield>
    <subfield code="3">IT\ICCU\CNCT\005880</subfield>
    <subfield code="z">Viani, Vincenzo</subfield>
  </datafield>
  <datafield tag="791" ind1="0" ind2="0">
    <subfield code="a">Vianus, Vincentius</subfield>
    <subfield code="3">IT\ICCU\CNCT\005881</subfield>
    <subfield code="z">Viani, Vincenzo</subfield>
  </datafield>
  <datafield tag="801" ind1=" " ind2="3">
    <subfield code="a">IT</subfield>
    <subfield code="b">ICCU</subfield>
    <subfield code="c">20201115</subfield>
  </datafield>
  <datafield tag="899" ind1=" " ind2=" ">
    <subfield code="a">Biblioteca civica. Padova</subfield>
    <subfield code="1">PD0090</subfield>
    <subfield code="2">PUV 55</subfield>
  </datafield>
</record>
</collection>
